% Encoding: UTF-8

@InBook{BenTalY2001,
  author    = {Ben-Tal Y, A and Nemirovski, A},
  publisher = {SIAM},
  title     = {Lectures on Modern Convex Optimization: Analysis, Algorithms, and Engineering Applications},
  year      = {2001},
  booktitle = {MPS-SIAM Series on Optimization},
  date      = {2001},
}

@Article{Blekherman2012,
  author    = {Blekherman, G},
  title     = {Nonnegative polynomials and sums of squares},
  year      = {2012},
  date      = {2012},
  publisher = {American Mathematical Society},
}

@Book{Bertsimas1997,
  author    = {Bertsimas, D and Tsitsiklis, J},
  publisher = {Athena Scientific},
  title     = {Introduction to Linear Optimization},
  year      = {1997},
  date      = {1997},
}

@Book{Blekherman2013,
  editor    = {G. Blekherman and P. Parrilo and R. Thomas},
  publisher = {SIAM},
  title     = {Semidefinite Optimization and Convex Algebraic Geometry},
  year      = {2013},
  date      = {2013},
}

@Article{Boyd1996,
  author  = {Boyd, S and Vandenberghe, L},
  journal = {SIAM Review},
  title   = {Semidefinite programming},
  year    = {1996},
  pages   = {49--95},
  volume  = {38},
  date    = {1996},
}

@Book{Boyd2004,
  author    = {Boyd, S and Vandenberghe, L},
  publisher = {Cambridge University Press},
  title     = {Convex Optimization},
  year      = {2004},
  date      = {2004},
}

@Misc{Cengage,
  title = {Linear Programming},
}

@Misc{Gaertner2012,
  author    = {GÃ¤rtner, B and Matousek, J},
  title     = {Approximation Algorithms and Semidefinite Programming},
  year      = {2012},
  date      = {2012},
  publisher = {Springer},
}

@Book{Horn1985,
  author    = {Horn, R and Johnson, C},
  publisher = {Cambridge University Press},
  title     = {Matrix Analysis},
  year      = {1985},
  date      = {1985},
}

@Book{Lasserre2010,
  author    = {Lasserre, J},
  publisher = {Imperial College Press},
  title     = {Moments, Positive Polynomials and Their Applications},
  year      = {2010},
  date      = {2010},
}

@Article{Monteiro2003,
  author  = {Monteiro, R},
  journal = {Mathematical Programming},
  title   = {First- and second-order methods for semidefinite programming},
  year    = {2003},
  pages   = {209--244},
  volume  = {97},
  date    = {2003},
}

@Article{Nemirovskii1994,
  author  = {Nemirovskii, A and Nesterov, Y},
  title   = {Interior-Point Polynomial Algorithms in Convex Programming},
  year    = {1994},
  volume  = {13},
  address = {SIAM},
  date    = {1994},
  series  = {SIAM Studies in Applied Mathematics},
}

@Misc{Parrilo2000,
  author = {Parrilo, P},
  title  = {Structured Semidefinite Programs and Semialgebraic Geometry Methods in Robustness and Optimization},
  year   = {2000},
  date   = {2000},
}

@Misc{Renegar2001,
  author  = {Renegar, J},
  title   = {A Mathematical View of Interior-Point Methods in Convex Optimization (MPS-SIAM Series on Optimization},
  year    = {2001},
  address = {SIAM},
  date    = {2001},
}

@Book{R.Saigal2000,
  editor    = {Saigal, R. and Vandenberghe, L. and H. Wolkowicz, H.},
  publisher = {Kluwer Academic},
  title     = {Handbook on Semidefinite Programming: Theory, Algorithms, and Applications},
  year      = {2000},
  date      = {2000},
}

@Article{Todd2001,
  author  = {Todd, M},
  journal = {Acta Numerica},
  title   = {Semidefinite optimization},
  year    = {2001},
  pages   = {515--560},
  volume  = {10},
  date    = {2001},
}

@Misc{ODonell2008,
  author = {O'Donell, Ryan},
  title  = {Lecture Notes in Advanced Approximation Algorithms (CMU 18-854B)},
  year   = {2008},
  date   = {2008},
}

@InBook{Wright1997,
  author    = {Wright, S},
  year      = {1997},
  booktitle = {Primal-Dual Interior-Point Methods''. SIAM},
  date      = {1997},
}

@Misc{Fawzi2018,
  author = {Fawzi, Hamza},
  title  = {Topics in Convex Optimisation (Lecture Notes)},
  year   = {2018},
}

@Comment{jabref-meta: databaseType:bibtex;}
